<?xml version = "1.0" encoding = "UTF-8"?><OAI-PMH xmlns="http://www.openarchives.org/OAI/2.0/" xmlns:xsi="http://www.w3.org/2001/XMLSchema-instance" xsi:schemaLocation="http://www.openarchives.org/OAI/2.0/ http://www.openarchives.org/OAI/2.0/OAI-PMH.xsd"><ListRecords><record><header><identifier>aleph-publish:036633834</identifier></header><metadata><record xmlns="http://www.ddb.de/professionell/mabxml/mabxml-1.xsd"><leader>------M2.01200024------h</leader><controlfield tag="LDR">------M2.01200024------h</controlfield><controlfield tag="FMT">MH</controlfield><datafield tag="001" ind1="-" ind2="1"><subfield code="a">HT020441051</subfield></datafield><datafield tag="002" ind1="a" ind2="1"><subfield code="a">20200429</subfield></datafield><datafield tag="003" ind1="-" ind2="1"><subfield code="a">20200504</subfield></datafield><datafield tag="026" ind1="-" ind2="1"><subfield code="a">HBZHT020441051</subfield></datafield><controlfield tag="030">a|zur||||||17</controlfield><datafield tag="036" ind1="a" ind2="1"><subfield code="a">XA-DE-NW</subfield></datafield><datafield tag="037" ind1="b" ind2="1"><subfield code="a">ger</subfield></datafield><controlfield tag="050">a|a|||||||||||</controlfield><controlfield tag="051">at||||||</controlfield><datafield tag="060" ind1="-" ind2="1"><subfield code="b">txt</subfield><subfield code="a">Text</subfield></datafield><datafield tag="061" ind1="-" ind2="1"><subfield code="b">n</subfield><subfield code="a">ohne Hilfsmittel zu benutzen</subfield></datafield><datafield tag="062" ind1="-" ind2="1"><subfield code="b">nc</subfield><subfield code="a">Band</subfield></datafield><datafield tag="070" ind1="-" ind2="1"><subfield code="a">6</subfield></datafield><datafield tag="070" ind1="b" ind2="1"><subfield code="a">6</subfield></datafield><datafield tag="078" ind1="n" ind2="1"><subfield code="a">NWBib-6</subfield></datafield><datafield tag="080" ind1="-" ind2="1"><subfield code="a">60</subfield></datafield><datafield tag="100" ind1="-" ind2="1"><subfield code="p">Peters, Robert</subfield><subfield code="d">1944-</subfield><subfield code="9">(DE-588)128805528</subfield></datafield><datafield tag="331" ind1="-" ind2="1"><subfield code="a">Von Frenswegen nach Münster</subfield></datafield><datafield tag="335" ind1="-" ind2="1"><subfield code="a">zwei Fassungen des Wyngaerden der sele</subfield></datafield><datafield tag="359" ind1="-" ind2="1"><subfield code="a">Robert Peters</subfield></datafield><datafield tag="425" ind1="a" ind2="1"><subfield code="a">2019</subfield></datafield><datafield tag="501" ind1="-" ind2="1"><subfield code="a">Erstveröffentlichung in: Zeitschrift für deutsche Philologie 127, Sonderheft: Der Schreiber als Dolmetscher. Berlin: Erich Schmidt 2008, 87-117</subfield></datafield><datafield tag="590" ind1="-" ind2="1"><subfield code="a">Mittelniederdeutsche Studien II</subfield></datafield><datafield tag="591" ind1="-" ind2="1"><subfield code="a">Robert Peters; herausgegeben von Christina Eichhorn-Hartmeyer, Verena Kleymann, Norbert Nagel, Meike Tiedemann</subfield></datafield><datafield tag="594" ind1="-" ind2="1"><subfield code="a">Bielefeld</subfield></datafield><datafield tag="595" ind1="-" ind2="1"><subfield code="a">2019</subfield></datafield><datafield tag="596" ind1="-" ind2="1"><subfield code="a">Seite [123]-157</subfield></datafield><datafield tag="599" ind1="-" ind2="1"><subfield code="a">HT020023470</subfield></datafield><datafield tag="700" ind1="n" ind2="1"><subfield code="a">Münster</subfield><subfield code="0">https://nwbib.de/spatial#Q2742</subfield></datafield><datafield tag="700" ind1="n" ind2="1"><subfield code="a">Sprachgeschichte</subfield><subfield code="0">https://nwbib.de/subjects#N742000</subfield></datafield><datafield tag="700" ind1="n" ind2="1"><subfield code="a">Handschriften</subfield><subfield code="0">https://nwbib.de/subjects#N861020</subfield></datafield><datafield tag="902" ind1="-" ind2="1"><subfield code="p">Pseudo-Veghe</subfield><subfield code="d">ca. 15. Jh.</subfield><subfield code="t">Wyngaerden der sele</subfield><subfield code="9">(DE-588)1209494418</subfield></datafield><datafield tag="902" ind1="-" ind2="1"><subfield code="s">Schriftsprache</subfield><subfield code="9">(DE-588)4129492-0</subfield></datafield><datafield tag="902" ind1="-" ind2="1"><subfield code="s">Sprachvariante</subfield><subfield code="9">(DE-588)4077741-8</subfield></datafield><datafield tag="907" ind1="-" ind2="1"><subfield code="t">Handschrift</subfield><subfield code="h">Bayerische Staatsbibliothek</subfield><subfield code="n">Ms. germ. fol. 549</subfield><subfield code="9">(DE-588)1209494531</subfield></datafield><datafield tag="907" ind1="-" ind2="1"><subfield code="t">Handschrift</subfield><subfield code="h">Landesarchiv Nordrhein-Westfalen. Abteilung Westfalen</subfield><subfield code="n">Mscr. 55</subfield><subfield code="9">(DE-588)1209494493</subfield></datafield><datafield tag="907" ind1="-" ind2="1"><subfield code="s">Sprachvariante</subfield><subfield code="9">(DE-588)4077741-8</subfield></datafield><datafield tag="907" ind1="-" ind2="1"><subfield code="s">Herkunft</subfield><subfield code="9">(DE-588)4120440-2</subfield></datafield><controlfield tag="SYS">036633834</controlfield><datafield tag="952" ind1="-" ind2="1"><subfield code="p">Pseudo-Veghe</subfield><subfield code="d">ca. 15. Jh.</subfield><subfield code="t">De Wyngaerde der sele</subfield></datafield><datafield tag="952" ind1="-" ind2="1"><subfield code="s">Geschriebene Sprache</subfield></datafield><datafield tag="952" ind1="-" ind2="1"><subfield code="s">Schreibsprache</subfield></datafield><datafield tag="952" ind1="-" ind2="1"><subfield code="s">Sprache</subfield><subfield code="x">Variante</subfield></datafield><datafield tag="952" ind1="-" ind2="1"><subfield code="s">Sprachvariation</subfield><subfield code="h">synchron</subfield></datafield><datafield tag="952" ind1="-" ind2="1"><subfield code="s">Varianz</subfield><subfield code="h">Linguistik</subfield></datafield><datafield tag="952" ind1="-" ind2="1"><subfield code="s">Variation</subfield><subfield code="x">Linguistik</subfield><subfield code="h">synchron</subfield></datafield><datafield tag="952" ind1="-" ind2="1"><subfield code="s">Varietät</subfield><subfield code="h">Linguistik</subfield></datafield><datafield tag="952" ind1="-" ind2="1"><subfield code="s">Sprachvarietät</subfield></datafield><datafield tag="952" ind1="-" ind2="1"><subfield code="s">Sprachvarianten</subfield></datafield><datafield tag="957" ind1="-" ind2="1"><subfield code="t">Handschrift</subfield><subfield code="h">Bayerische Staatsbibliothek</subfield><subfield code="n">mgf 549</subfield></datafield><datafield tag="957" ind1="-" ind2="1"><subfield code="t">Handschrift</subfield><subfield code="h">Staatsarchiv, Münster (Westf)</subfield><subfield code="n">Mscr. 55</subfield></datafield><datafield tag="957" ind1="-" ind2="1"><subfield code="t">Handschrift</subfield><subfield code="h">Staatsarchiv, Münster (Westf)</subfield><subfield code="n">Mscr. 55 (Depositum des Altertumsvereins)</subfield></datafield><datafield tag="957" ind1="-" ind2="1"><subfield code="s">Sprache</subfield><subfield code="x">Variante</subfield></datafield><datafield tag="957" ind1="-" ind2="1"><subfield code="s">Sprachvariation</subfield><subfield code="h">synchron</subfield></datafield><datafield tag="957" ind1="-" ind2="1"><subfield code="s">Varianz</subfield><subfield code="h">Linguistik</subfield></datafield><datafield tag="957" ind1="-" ind2="1"><subfield code="s">Variation</subfield><subfield code="x">Linguistik</subfield><subfield code="h">synchron</subfield></datafield><datafield tag="957" ind1="-" ind2="1"><subfield code="s">Varietät</subfield><subfield code="h">Linguistik</subfield></datafield><datafield tag="957" ind1="-" ind2="1"><subfield code="s">Sprachvarietät</subfield></datafield><datafield tag="957" ind1="-" ind2="1"><subfield code="s">Sprachvarianten</subfield></datafield><datafield tag="957" ind1="-" ind2="1"><subfield code="s">Provenienz</subfield></datafield><datafield tag="957" ind1="-" ind2="1"><subfield code="s">Regionale Herkunft</subfield></datafield></record></metadata></record></ListRecords></OAI-PMH>